<record><leader>00000cas a22000007a 4500</leader><controlfield tag="001">14874994</controlfield><controlfield tag="008">861125c18909999msuwr ne      0    0eng d</controlfield><datafield ind1=" " ind2=" " tag="010"><subfield code="a">sn 86090233 </subfield></datafield><datafield ind1=" " ind2=" " tag="040"><subfield code="a">PPM</subfield><subfield code="b">eng</subfield><subfield code="c">PPM</subfield><subfield code="d">MSJ</subfield><subfield code="d">DLC</subfield><subfield code="d">EBZ</subfield></datafield><datafield ind1="1" ind2=" " tag="029"><subfield code="a">AU@</subfield><subfield code="b">000025786685</subfield></datafield><datafield ind1=" " ind2=" " tag="037"><subfield code="b">Port Gibson Reveille, P.O. Drawer B, Port Gibson, MS 39150</subfield></datafield><datafield ind1=" " ind2=" " tag="042"><subfield code="a">msc</subfield></datafield><datafield ind1="0" ind2=" " tag="130"><subfield code="a">Port Gibson reveille (Port Gibson, Miss.: 1890)</subfield></datafield><datafield ind1="0" ind2="4" tag="245"><subfield code="a">The Port Gibson reveille.</subfield></datafield><datafield ind1=" " ind2=" " tag="260"><subfield code="a">Port Gibson, Miss. :</subfield><subfield code="b">H.H. Crisler,</subfield><subfield code="c">1890-</subfield></datafield><datafield ind1=" " ind2=" " tag="300"><subfield code="a">v. :</subfield><subfield code="b">ill. ;</subfield><subfield code="c">61 cm.</subfield></datafield><datafield ind1=" " ind2=" " tag="310"><subfield code="a">Weekly</subfield></datafield><datafield ind1="0" ind2=" " tag="362"><subfield code="a">New ser. v. 15, no. 10 (June 6, 1890)-</subfield></datafield><datafield ind1=" " ind2=" " tag="752"><subfield code="a">United States</subfield><subfield code="b">Mississippi</subfield><subfield code="c">Claiborne</subfield><subfield code="d">Port Gibson.</subfield></datafield><datafield ind1="0" ind2="0" tag="780"><subfield code="t">Southern reveille (Port Gibson, Miss. : 1876)</subfield><subfield code="w">(OCoLC)15152089</subfield></datafield></record>